% This file was created with JabRef 2.10.
% Encoding: Cp1252


@Article{Erdos1959,
  Title                    = {On random graphs I},
  Author                   = {Erd\H{o}s, P and R\'{e}nyi, A},
  Journal                  = {Publ. Math. Debrecen},
  Year                     = {1959},
  Pages                    = {290-297},
  Volume                   = {6}
}

@Article{Gai2010,
  Title                    = {Contagion in Financial Networks},
  Author                   = {Gai, Prasanna and Kapadia, Sujit},
  Journal                  = {Proceedings of the Royal Society of London A: Mathematical, Physical and Engineering Sciences},
  Year                     = {2010},
  Pages                    = {2401-2423},

  Organization             = {The Royal Society}
}

@TechReport{Georg2014,
  Title                    = {A network view on interbank market freezes},
  Author                   = {Georg, Co-Pierre and Silvia Gabrieli},
  Institution              = {Banque de France},
  Year                     = {2014}
}

@Article{Lux2015,
  Title                    = {Emergence of a core-periphery structure in a simple dynamic model of the interbank market},
  Author                   = {Lux, Thomas},
  Journal                  = {Journal of Economic Dynamics and Control},
  Year                     = {2015},
  Pages                    = {11-23},
  Volume                   = {52},

  Publisher                = {Elsevier}
}

@Article{Watts1998,
  Title                    = {Collective dynamics of 'small-world' networks},
  Author                   = {Watts, Duncan J and Strogatz, Steven H},
  Journal                  = {nature},
  Year                     = {1998},
  Number                   = {6684},
  Pages                    = {440-442},
  Volume                   = {393},

  Publisher                = {Nature Publishing Group}
}

